<record><leader>00000cas a22000007a 4500</leader><controlfield tag="001">23903812</controlfield><controlfield tag="008">910610d19121948ncuwr ne      0    0eng d</controlfield><datafield ind1=" " ind2=" " tag="010"><subfield code="a">sn 91068210 </subfield></datafield><datafield ind1=" " ind2=" " tag="040"><subfield code="a">NVJ</subfield><subfield code="b">eng</subfield><subfield code="c">NVJ</subfield><subfield code="d">OCLCQ</subfield></datafield><datafield ind1=" " ind2=" " tag="042"><subfield code="a">msc</subfield></datafield><datafield ind1="0" ind2="4" tag="245"><subfield code="a">The Beaufort news.</subfield></datafield><datafield ind1=" " ind2=" " tag="260"><subfield code="a">Beaufort, N.C. :</subfield><subfield code="b">Clyde D. Morton</subfield></datafield><datafield ind1=" " ind2=" " tag="300"><subfield code="a">v.</subfield></datafield><datafield ind1=" " ind2=" " tag="310"><subfield code="a">Weekly</subfield></datafield><datafield ind1="1" ind2=" " tag="362"><subfield code="a">Began in 1912.</subfield></datafield><datafield ind1="0" ind2=" " tag="362"><subfield code="a">-v. 37, no. 18 (May 13, 1948).</subfield></datafield><datafield ind1=" " ind2=" " tag="500"><subfield code="a">Vol. 16, no. 47 (Nov. 24, 1927)--called Beaufort-Morehead City bridge edition.</subfield></datafield><datafield ind1=" " ind2=" " tag="515"><subfield code="a">Some issues misnumbered.</subfield></datafield><datafield ind1=" " ind2=" " tag="515"><subfield code="a">Some issues have incorrect dates.</subfield></datafield><datafield ind1=" " ind2=" " tag="588"><subfield code="a">Description based on: Vol. 5, no. ? (Apr. 6, 1917).</subfield></datafield><datafield ind1=" " ind2=" " tag="752"><subfield code="a">United States</subfield><subfield code="b">North Carolina</subfield><subfield code="c">Carteret</subfield><subfield code="d">Beaufort.</subfield></datafield><datafield ind1="0" ind2="7" tag="785"><subfield code="t">Twin city times</subfield><subfield code="w">(DLC)sn 94058245</subfield></datafield><datafield ind1="0" ind2="7" tag="785"><subfield code="t">Carteret County news-times</subfield><subfield code="w">(DLC)sn 94058246</subfield><subfield code="w">(OCoLC)13118282</subfield></datafield></record>